
@article{blumenthal1968estimation,
  title={Estimation of the larger of two normal means},
  author={Blumenthal, Saul and Cohen, Arthur},
  journal={Journal of the American Statistical Association},
  volume={63},
  number={323},
  pages={861--876},
  year={1968},
  publisher={Taylor \& Francis}
}

@article{auer2002finite,
  title={Finite-time analysis of the multiarmed bandit problem},
  author={Auer, Peter and Cesa-Bianchi, Nicolo and Fischer, Paul},
  journal={Machine learning},
  volume={47},
  number={2-3},
  pages={235--256},
  year={2002},
  publisher={Springer}
}

@Article{dhariyal85,
author = {Dhariyal, I. and Sharma, D. and Krishnamoorthy, K.},
title = {Nonexistence of Unbiased Estimators of Ordered Parameters},
journal = {Statistics},
year = {1985},
OPTvolume = {16},
OPTnumber = {1},
OPTpages = {89-95}
}

@article{smith2006optimizer,
  title={The optimizer's curse: Skepticism and postdecision surprise in decision analysis},
  author={Smith, James E and Winkler, Robert L},
  journal={Management Science},
  volume={52},
  number={3},
  pages={311--322},
  year={2006},
  publisher={INFORMS}
}

@article{stone1974cross,
  title={Cross-validatory choice and assessment of statistical predictions},
  author={Stone, Mervyn},
  journal={Journal of the royal statistical society. Series B (Methodological)},
  pages={111--147},
  year={1974},
  publisher={JSTOR}
}

@article{van2004rational,
  title={Rational overoptimism (and other biases)},
  author={Van den Steen, Eric},
  journal={American Economic Review},
  pages={1141--1151},
  year={2004},
  publisher={JSTOR}
}

@inproceedings{van2010double,
  title={Double Q-learning},
  author={van Hasselt, Hado},
  booktitle={Advances in Neural Information Processing Systems},
  pages={2613--2621},
  year={2010}
}

@article{van2013estimating,
  title={Estimating the Maximum Expected Value: an Analysis of (Nested) Cross-Validation and the Maximum Sample Average},
  author={van Hasselt, Hado},
  journal={arXiv preprint arXiv:1302.7175},
  year={2013}
}

@article{van2015deep,
  author    = {van Hasselt, Hado and
               Guez Arthur and
               Silver David},
  title     = {Deep Reinforcement Learning with Double Q-learning},
  journal   = {CoRR},
  volume    = {abs/1509.06461},
  year      = {2015},
  url       = {http://arxiv.org/abs/1509.06461},
  timestamp = {Thu, 01 Oct 2015 14:28:48 +0200},
  biburl    = {http://dblp.uni-trier.de/rec/bib/journals/corr/HasseltGS15},
  bibsource = {dblp computer science bibliography, http://dblp.org}
}

@inproceedings{xu2013mab,
  title={Estimation bias in multi-armed bandit algorithms for search advertising},
  author={Xu, Min and Qin, Tao and Liu, Tie-Yan},
  booktitle={Advances in Neural Information Processing Systems},
  pages={2400--2408},
  year={2013}
}

@inproceedings{lee2012intelligent,
  title={An Intelligent Battery Controller Using Bias-Corrected Q-learning.},
  author={Lee, Donghun and Powell, Warren B},
  booktitle={AAAI},
  year={2012},
  organization={Citeseer}
}

@inproceedings{lee2013bias,
  title={Bias-corrected Q-learning to control max-operator bias in Q-learning},
  author={Lee, Daewoo and Defourny, Boris and Powell, Warren B},
  booktitle={Adaptive Dynamic Programming And Reinforcement Learning (ADPRL), 2013 IEEE Symposium on},
  pages={93--99},
  year={2013},
  organization={IEEE}
}
